%===============================================================================
% Brno University of Technology
% Faculty of Information Technology
% Academic year: 2018/2019
% Bachelor thesis: Monitoring Pedestrian by Drone
% Author: Vladimir Dusek
%===============================================================================

@ARTICLE{paperSurpassingHuman,
    author = {Chaochao Lu and Xiaoou Tang},
    title = {Surpassing Human-Level Face Verification Performance on {LFW} with GaussianFace},
    journal = {CoRR},
    volume = {abs/1404.3840},
    year = {2014},
    url = {http://arxiv.org/pdf/1404.3840.pdf}
}

@INPROCEEDINGS{paperViolaJones,
    author = {Paul Viola and Michael Jones},
    title = {Rapid object detection using a boosted cascade of simple features},
    booktitle = {Proceedings of the 2001 IEEE Computer Society Conference on Computer Vision and Pattern Recognition},
    year = {2001},
    month = {Dec},
    ISSN = {1063-6919},
    url = "https://www.cs.cmu.edu/~efros/courses/LBMV07/Papers/viola-cvpr-01.pdf"
}

@INPROCEEDINGS{paperDalalTriggs,
    author = {Navneet Dalal and Bill Triggs},
    title = {Histograms of Oriented Gradients for Human Detection},
    booktitle = {Computer Society Conference on Computer Vision and Pattern Recognition, San Diego, CA, {USA}},
    pages = {886--893},
    year = {2005},
    month = {June},
    ISSN = {1063-6919},
    url = {https://lear.inrialpes.fr/people/triggs/pubs/Dalal-cvpr05.pdf}
}

@MISC{wikiNeuralNework,
    author = "Wikipedia",
    title = "{\it Artificial neural network}",
    url = "https://en.wikipedia.org/wiki/Artificial_neural_network",
    year = "2018",
    month = Dec,
    note = "[Online; navštíveno 21.12.2018]"
}

@INPROCEEDINGS{paperYannLeCun,
    author = {LeCun, Yann and Bernhard E. Boser and John S. Denker and Donnie Henderson and R. E. Howard and Wayne E. Hubbard and Lawrence D. Jackel},
    title = {Handwritten Digit Recognition with a Back-Propagation Network},
    booktitle = {Advances in Neural Information Processing Systems},
    year = {1990},
    pages = {396--404},
    publisher = {Morgan Kaufmann},
    url = {http://yann.lecun.com/exdb/publis/pdf/lecun-90c.pdf}
}

@INPROCEEDINGS{paperHilton,
    author = {Hinton, Geoffrey E. and Osindero, Simon and Teh, Yee-Whye},
    title = {A Fast Learning Algorithm for Deep Belief Nets},
    booktitle = {Neural Computation},
    year = {2006},
    month = Jul,
    pages = {1527--1554},
    publisher = {MIT Press},
    url = {https://www.cs.toronto.edu/~hinton/absps/fastnc.pdf}
}

@INPROCEEDINGS{paperKriz,
    author = {Alex Krizhevsky and Sutskever, Ilya and Hinton, Geoffrey E},
    title = {ImageNet Classification with Deep Convolutional Neural Networks},
    booktitle = {Advances in Neural Information Processing Systems 25},
    year = {2012},
    pages = {1097--1105},
    publisher = {Curran Associates, Inc.},
    url = {https://www.cs.toronto.edu/~kriz/imagenet_classification_with_deep_convolutional.pdf}
}

@MISC{tdsNeuralNetworks,
    author = "David Fumo",
    title = "{\it A Gentle Introduction To Neural Networks Series}",
    url = "https://towardsdatascience.com/a-gentle-introduction-to-neural-networks-series-part-1-2b90b87795bc",
    year = "2017",
    month = Aug,
    note = "[Online; navštíveno 21.12.2018]"
}

@BOOK{haykinNeuralNetworks,
    author = {Haykin, Simon},
    title = {Neural Networks: A Comprehensive Foundation},
    year = {1998},
    isbn = {0132733501},
    edition = {2nd},
    publisher = {Prentice Hall PTR},
    address = {Upper Saddle River, NJ, USA}
}

@MISC{mendeluNeuralNetworks,
    author = "Oldřich Trenz and Jiří Fejfar and Ondřej Popelka and Jan Kolomazník and Michael Štencl",
    title = "{\it Umělá inteligence, eLearningová opora k předmětu Umělá inteligence 1}",
    url = "https://is.mendelu.cz/eknihovna/opory/index.pl?opora=2068",
    year = "2010",
    note = "[Online; navštíveno 21. 12. 2018]"
}

@ARTICLE{paperGradientProblems,
    author = {Razvan Pascanu and Tomas Mikolov and Yoshua Bengio},
    title = {Understanding the exploding gradient problem},
    journal = {CoRR},
    volume = {abs/1211.5063},
    year = {2012},
    url = {http://arxiv.org/pdf/1211.5063.pdf}
}

@MISC{hackernoonXavier,
    author = "Rakshith Vasudev",
    title = "{\it How to Initialize weights in a neural net so it performs well?}",
    url = "https://hackernoon.com/how-to-initialize-weights-in-a-neural-net-so-it-performs-well-3e9302d4490f",
    year = "2018",
    month = May,
    note = "[Online; navštíveno 25.1.2019]"
}

@MISC{ostravaNeuralNetworks,
    author = "Eva Volná",
    title = "{\it Neuronové sítě 1.}",
    url = "http://www1.osu.cz/~volna/Neuronove_site_skripta.pdf",
    year = "2008",
    note = "[Online; navštíveno 27. 12. 2018]"
}

@ARTICLE{articleCe,
    title = "A Tutorial on the Cross-Entropy Method",
    author = "{de Boer}, Pieter-Tjerk and Kroese, {Dirk P.} and Shie Mannor and Rubinstein, {Reuven Y.}",
    year = "2005",
    volume = "134",
    pages = "19--67",
    journal = "Annals of operations research",
    issn = "0254-5330",
    publisher = "Springer",
    number = "1",
    url = "http://web.mit.edu/6.454/www/www_fall_2003/gew/CEtutorial.pdf"
}

@BOOK{bookMse,
    title = {Theory of Point Estimation},
    author = {Erich L. Lehmann and George Casella},
    publisher = {Springer-Verlag},
    year = {1998},
    address = {New York, NY, USA},
    edition = {Second}
}

@MISC{mediumActivationFunctions,
    author = "Avinash Sharma",
    title = "{\it Understanding Activation Functions in Neural Networks}",
    url = "https://medium.com/the-theory-of-everything/understanding-activation-functions-in-neural-networks-9491262884e0",
    year = "2017",
    month = Mar,
    note = "[Online; navštíveno 3.5.2019]"
}

@MISC{mendeluDigital,
    author = "Jana Andrýsková and Lukáš Horký and David Procházka",
    title = "{\it Digitální fotografie, eLearningová opora k předmětu}",
    url = "https://is.mendelu.cz/eknihovna/opory/index.pl?opora=1083",
    year = "2008",
    note = "[Online; navštíveno 7. 2. 2018]"
}

@INPROCEEDINGS{paperPoolingTypes,
    author = {Scherer, Dominik and M\"{u}ller, Andreas and Behnke, Sven},
    title = {Evaluation of Pooling Operations in Convolutional Architectures for Object Recognition},
    booktitle = {Proceedings of the 20th International Conference on Artificial Neural Networks: Part III},
    series = {ICANN'10},
    year = {2010},
    location = {Thessaloniki, Greece},
    pages = {92--101},
    url = {http://ais.uni-bonn.de/papers/icann2010_maxpool.pdf},
    publisher = {Springer-Verlag},
    address = {Berlin, Heidelberg},
}

@ARTICLE{paperFocalLoss,
    author = {Tsung{-}Yi Lin and Priya Goyal and Ross B. Girshick and Kaiming He and Piotr Doll{\'{a}}r},
    title = {Focal Loss for Dense Object Detection},
    journal = {CoRR},
    volume = {abs/1708.02002},
    year = {2017},
    url = {http://arxiv.org/pdf/1708.02002.pdf}
}

@ARTICLE{paperRcnn,
    author = {Ross B. Girshick and Jeff Donahue and Trevor Darrell and Jitendra Malik},
    title = {Rich feature hierarchies for accurate object detection and semantic segmentation},
    journal = {CoRR},
    volume = {abs/1311.2524},
    year = {2013},
    url = {http://arxiv.org/pdf/1311.2524.pdf}
}

@ARTICLE{paperFastRcnn,
    author = {Ross B. Girshick},
    title = {Fast {R-CNN}},
    journal = {CoRR},
    volume = {abs/1504.08083},
    year = {2015},
    url = {http://arxiv.org/pdf/1504.08083.pdf}
}

@ARTICLE{paperFasterRcnn,
    author = {Shaoqing Ren and Kaiming He and Ross B. Girshick and Jian Sun},
    title = {Faster {R-CNN:} Towards Real-Time Object Detection with Region Proposal Networks},
    journal = {CoRR},
    volume = {abs/1506.01497},
    year = {2015},
    url = {http://arxiv.org/pdf/1506.01497.pdf}
}

@ARTICLE{paperMaskRcnn,
    author = {Kaiming He and Georgia Gkioxari and Piotr Doll{\'{a}}r and Ross B. Girshick},
    title = {Mask {R-CNN}},
    journal = {CoRR},
    volume = {abs/1703.06870},
    year = {2017},
    url = {http://arxiv.org/pdf/1703.06870.pdf}
}

@ARTICLE{paperFpn,
    author = {Tsung{-}Yi Lin and Piotr Doll{\'{a}}r and Ross B. Girshick and Kaiming He and Bharath Hariharan and Serge J. Belongie},
    title = {Feature Pyramid Networks for Object Detection},
    journal = {CoRR},
    volume = {abs/1612.03144},
    year = {2016},
    url = {http://arxiv.org/pdf/1612.03144.pdf}
}

@ARTICLE{paperResnet,
    author = {Kaiming He and Xiangyu Zhang and Shaoqing Ren and Jian Sun},
    title = {Deep Residual Learning for Image Recognition},
    journal = {CoRR},
    volume = {abs/1512.03385},
    year = {2015},
    url = {http://arxiv.org/pdf/1512.03385.pdf}
}

@INPROCEEDINGS{paperSDD,
    author = "Robicquet, Alexandre and Sadeghian, Amir and Alahi, Alexandre and Savarese, Silvio",
    title = "Learning Social Etiquette: Human Trajectory Understanding In Crowded Scenes",
    booktitle = "Computer Vision -- ECCV 2016",
    year = "2016",
    publisher = "Springer International Publishing",
    address = "Cham",
    pages = "549--565",
    url = {https://infoscience.epfl.ch/record/230262/files/ECCV16social.pdf},
}

@ARTICLE{paperAlignedReId,
    author = {Xuan Zhang and Hao Luo and Xing Fan and Weilai Xiang and Yixiao Sun and Qiqi Xiao and Wei Jiang and Chi Zhang and Jian Sun},
    title = {AlignedReID: Surpassing Human-Level Performance in Person Re-Identification},
    journal = {CoRR},
    volume = {abs/1711.08184},
    year = {2017},
    url = {http://arxiv.org/pdf/1711.08184.pdf}
}

@ARTICLE{paperAP,
    author = {Everingham, Mark and Gool, Luc and Williams, Christopher K. and Winn, John and Zisserman, Andrew},
    title = {The Pascal Visual Object Classes (VOC) Challenge},
    journal = {Int. J. Comput. Vision},
    month = Jun,
    year = {2010},
    issn = {0920-5691},
    pages = {303--338},
    url = {http://host.robots.ox.ac.uk/pascal/VOC/pubs/everingham10.pdf}
}

@MISC{articleDetectorsComparision,
    author = {Jonathan Hui},
    title = {Object detection: speed and accuracy comparison},
    year = {2018},
    month = Mar,
    url = {https://medium.com/@jonathan_hui/object-detection-speed-and-accuracy-comparison-faster-r-cnn-r-fcn-ssd-and-yolo-5425656ae359},
    note = "[Online; navštíveno 5.5.2019]"
}

@MISC{wikiDrone,
    author = "Wikipedia",
    title = "{\it Unmanned aerial vehicle}",
    url = "https://en.wikipedia.org/wiki/Unmanned_aerial_vehicle",
    year = "2018",
    month = Dec,
    note = "[Online; navštíveno 20.12.2018]"
}

@MISC{articleDroneUsage,
    author = {Kacey Kroh and Abshier House},
    title = {What are aerial drones good for?},
    year = {2018},
    url = {https://www.dummies.com/consumer-electronics/drones/what-are-aerial-drones-used-for/},
    note = "[Online; navštíveno 6.5.2019]"
}

@MISC{articleDji,
    author = "Divya Joshi",
    title = "{\it Here are the world's largest drone companies and manufacturers to watch and invest in}",
    url = "https://www.businessinsider.com/top-drone-manufacturers-companies-invest-stocks-2017-07",
    year = "2017",
    month = Jul,
    note = "[Online; navštíveno 20.12.2018]"
}

@MISC{docsScikitHog,
    author = {{scikit-image team}},
    title = "Histogram of Oriented Gradients",
    year = "2019",
    url = "https://scikit-image.org/docs/0.11.x/auto_examples/plot_hog.html",
    note = "[Online; navštíveno 10.5.2019]"
}

@MISC{wikiOverfitting,
    author = "Wikipedia",
    title = "{\it Overfitting}",
    url = "https://en.wikipedia.org/wiki/Overfitting",
    year = "2019",
    month = Feb,
    note = "[Online; navštíveno 3.5.2019]"
}

@ARTICLE{articleNeuralNetworksOverview,
    author = {J{\"{u}}rgen Schmidhuber},
    title = {Deep Learning in Neural Networks: An Overview},
    journal = {CoRR},
    volume = {abs/1404.7828},
    year = {2014},
    url = {http://arxiv.org/pdf/1404.7828.pdf},
}

@BOOK{bookElementsNeuralNets,
    title = {Elements of Artificial Neural Nets},
    author = {Mehrotra, Kishan and Mohan, Chilukuri and Ranka Preface, Sanjay},
    year = {1997},
    month = {01},
    isbn = {0-262-13328-8},
    publisher = {MIT Press},
    address = {Cambridge, MA, USA}
}

@ARTICLE{paperLecunNature,
    author = {Yann LeCun and Yoshua Bengio and Geoffrey E. Hinton},
    title = {Deep learning},
    journal = {Nature},
    volume = {521},
    number = {7553},
    pages = {436--444},
    year = {2015},
    url = {http://graveleylab.cam.uchc.edu/WebData/mduff/MEDS_6498_SPRING_2016/deep_learning_nature_2015.pdf},
    doi = {10.1038/nature14539},
}

@MISC{mediumRcnn,
    author = "Dhruv Parthasarathy",
    title = "A Brief History of CNNs in Image Segmentation: From R-CNN to Mask R-CNN",
    year = "2017",
    month = Apr,
    url = "https://blog.athelas.com/a-brief-history-of-cnns-in-image-segmentation-from-r-cnn-to-mask-r-cnn-34ea83205de4",
    note = "[Online; navštíveno 10.5.2019]"
}

@MISC{droneDelivery,
    author = "Jake Kanter",
    title = "Google just beat Amazon to launching one of the first drone delivery services",
    year = "2019",
    month = Apr,
    url = "https://www.businessinsider.com/google-beats-amazon-to-launching-drone-delivery-service-in-australia-2019-4",
    note = "[Online; navštíveno 10.5.2019]"
}

@MISC{specsMavic2,
    title = "MAVIC 2 SPECS",
    author = {{SZ DJI Technology Co., Ltd.}},
    year = "2018",
    url = "https://www.dji.com/cz/mavic-2/info#specs",
    note = "[Online; navštíveno 10.5.2019]"
}

@MISC{specsSpark,
    title = "SPARK SPECS",
    author = {{SZ DJI Technology Co., Ltd.}},
    year = "2017",
    url = "https://www.dji.com/cz/spark/info#specs",
    note = "[Online; navštíveno 10.5.2019]"
}

@MISC{specsParrot,
    title = "PARROT BEBOP 2",
    author = {{Parrot AR.Drone}},
    year = "2016",
    url = "https://www.parrot.com/eu/drones/parrot-bebop-2",
    note = "[Online; navštíveno 10.5.2019]"
}

@MISC{docsCuda,
    title = "CUDA Toolkit Documentation",
    author = {{Nvidia Corporation}},
    year = "2019",
    month = Mar,
    url = "https://docs.nvidia.com/cuda/",
    note = "[Online; navštíveno 10.5.2019]"
}
